 @misc{gps,
  author       = {gps.gov},
  title        = {{The Global Positioning System}},
  howpublished = {Dostêp 09.11.2021 [Online]},
  note         = {\url{https://www.gps.gov/systems/gps/}}
}

 @misc{gpsconstellation,
  author       = {navcen.uscg.gov},
  title        = {{GPS constellation status}},
  howpublished = {Dostêp 09.11.2021 [Online]},
  note         = {\url{https://www.navcen.uscg.gov/?Do=constellationStatus}}
}

@misc{glonass,
  author       = {glonass-iac.ru},
  title        = {{About GLONASS}},
  howpublished = {Dostêp 09.11.2021 [Online]},
  note         = {\url{https://www.glonass-iac.ru/en/about_glonass/}}
}

@misc{galileo,
  author       = {galileognss.eu},
  title        = {{Galileo GNSS}},
  howpublished = {Dostêp 09.11.2021 [Online]},
  note         = {\url{https://galileognss.eu/}}
}

@misc{beidou,
  author       = {en.beidou.gov.cn},
  title        = {{BeiDou Navigation Satellite System}},
  howpublished = {Dostêp 09.11.2021 [Online]},
  note         = {\url{http://en.beidou.gov.cn/}}
}

@misc{gpxpage,
  author       = {topografix.com},
  title        = {{GPX: the GPS Exchange Format}},
  howpublished = {Dostêp 09.11.2021 [Online]},
  note         = {\url{https://www.topografix.com/gpx.asp}}
}

@misc{gpxschema,
  author       = {topografix.com},
  title        = {{GPX 1.1 Schema Documentation}},
  howpublished = {Dostêp 09.11.2021 [Online]},
  note         = {\url{https://www.topografix.com/GPX/1/1/}}
}